<collection xmlns="http://www.loc.gov/MARC21/slim">
<record>
  <leader>02222nam0a22004091i 450 </leader>
  <controlfield tag="001">IT\ICCU\CNCE\062697</controlfield>
  <controlfield tag="005">20051206000000.0</controlfield>
  <datafield tag="100" ind1=" " ind2=" ">
    <subfield code="a">20051201d1504        0itac0103    ba</subfield>
  </datafield>
  <datafield tag="101" ind1=" " ind2=" ">
    <subfield code="a">GRC</subfield>
    <subfield code="a">LAT</subfield>
  </datafield>
  <datafield tag="102" ind1=" " ind2=" ">
    <subfield code="a">IT</subfield>
  </datafield>
  <datafield tag="200" ind1="1" ind2=" ">
    <subfield code="a">℗Homeri ℗Opera omnia, cum vita ejus ex Herodoto, Dione et Plutarcho</subfield>
  </datafield>
  <datafield tag="210" ind1=" " ind2=" ">
    <subfield code="e">Venetiis</subfield>
    <subfield code="g">Aldus Pius Manuntius</subfield>
    <subfield code="h">secundo calendas nouem.1504</subfield>
  </datafield>
  <datafield tag="215" ind1=" " ind2=" ">
    <subfield code="a">2 v.</subfield>
    <subfield code="d">8o</subfield>
  </datafield>
  <datafield tag="300" ind1=" " ind2=" ">
    <subfield code="a">ANNULLATA !!!! vedi 22945 e 22946((Titolo e note tip. tratte da A. A. Renourd, A.A (Manunzio), pp. 46-47 (6) , da E. Vaccaro, Le marche dei tipografi ed editori italiani del secolo 16. ..., Firenze 1983, p. 299 (fig. 392). - IL nome dell&apos;A. figura a f.2A2. - IL nome del tip. figura a p.2A1v. - Marca tip. (Z38). - Gr. ; rom</subfield>
  </datafield>
  <datafield tag="620" ind1=" " ind2=" ">
    <subfield code="a">IT</subfield>
    <subfield code="d">Venezia</subfield>
  </datafield>
  <datafield tag="700" ind1=" " ind2="0">
    <subfield code="a">Homerus</subfield>
    <subfield code="3">IT\ICCU\CNCA\005036</subfield>
  </datafield>
  <datafield tag="702" ind1=" " ind2="0">
    <subfield code="a">Herodotus</subfield>
    <subfield code="3">IT\ICCU\CNCA\006435</subfield>
  </datafield>
  <datafield tag="702" ind1=" " ind2="0">
    <subfield code="a">Plutarchus</subfield>
    <subfield code="3">IT\ICCU\CNCA\000103</subfield>
  </datafield>
  <datafield tag="702" ind1=" " ind2="0">
    <subfield code="a">Dio</subfield>
    <subfield code="c"> : Cassius</subfield>
    <subfield code="3">IT\ICCU\CNCA\002270</subfield>
  </datafield>
  <datafield tag="712" ind1="0" ind2="0">
    <subfield code="a">Manuzio, Aldo &lt;1.&gt; &amp; Torresano, Andrea &lt;1.&gt;</subfield>
    <subfield code="3">IT\ICCU\CNCT\000452</subfield>
    <subfield code="4">650</subfield>
  </datafield>
  <datafield tag="790" ind1=" " ind2="0">
    <subfield code="a">Omero</subfield>
    <subfield code="3">IT\ICCU\CNCA\018611</subfield>
    <subfield code="z">Homerus</subfield>
  </datafield>
  <datafield tag="790" ind1=" " ind2="0">
    <subfield code="a">Erodoto</subfield>
    <subfield code="3">IT\ICCU\CNCA\014369</subfield>
    <subfield code="z">Herodotus</subfield>
  </datafield>
  <datafield tag="790" ind1=" " ind2="0">
    <subfield code="a">Herodotus</subfield>
    <subfield code="c"> : Halicarnassensis</subfield>
    <subfield code="3">IT\ICCU\CNCA\014370</subfield>
    <subfield code="z">Herodotus</subfield>
  </datafield>
  <datafield tag="790" ind1=" " ind2="0">
    <subfield code="a">Herodotos</subfield>
    <subfield code="3">IT\ICCU\CNCA\019717</subfield>
    <subfield code="z">Herodotus</subfield>
  </datafield>
  <datafield tag="790" ind1=" " ind2="0">
    <subfield code="a">Herodoto</subfield>
    <subfield code="c"> : Alicarnaseo</subfield>
    <subfield code="3">IT\ICCU\CNCA\020372</subfield>
    <subfield code="z">Herodotus</subfield>
  </datafield>
  <datafield tag="790" ind1=" " ind2="0">
    <subfield code="a">Plutarco</subfield>
    <subfield code="3">IT\ICCU\CNCA\018845</subfield>
    <subfield code="z">Plutarchus</subfield>
  </datafield>
  <datafield tag="790" ind1=" " ind2="0">
    <subfield code="a">Plutarchus</subfield>
    <subfield code="c"> : Chaeroneus</subfield>
    <subfield code="3">IT\ICCU\CNCA\018846</subfield>
    <subfield code="z">Plutarchus</subfield>
  </datafield>
  <datafield tag="790" ind1=" " ind2="0">
    <subfield code="a">Plutarco</subfield>
    <subfield code="c"> : Cheroneo</subfield>
    <subfield code="3">IT\ICCU\CNCA\022661</subfield>
    <subfield code="z">Plutarchus</subfield>
  </datafield>
  <datafield tag="790" ind1=" " ind2="0">
    <subfield code="a">Ploutarchos</subfield>
    <subfield code="3">IT\ICCU\CNCA\022664</subfield>
    <subfield code="z">Plutarchus</subfield>
  </datafield>
  <datafield tag="790" ind1=" " ind2="0">
    <subfield code="a">Cassius Dio Cocceianus</subfield>
    <subfield code="3">IT\ICCU\CNCA\002909</subfield>
    <subfield code="z">Dio : Cassius</subfield>
  </datafield>
  <datafield tag="790" ind1=" " ind2="0">
    <subfield code="a">Dione Cassio Cocceiano</subfield>
    <subfield code="3">IT\ICCU\CNCA\015361</subfield>
    <subfield code="z">Dio : Cassius</subfield>
  </datafield>
  <datafield tag="790" ind1=" " ind2="0">
    <subfield code="a">Phyliscus</subfield>
    <subfield code="3">IT\ICCU\CNCA\023615</subfield>
    <subfield code="z">Dio : Cassius</subfield>
  </datafield>
  <datafield tag="801" ind1=" " ind2="3">
    <subfield code="a">IT</subfield>
    <subfield code="b">ICCU</subfield>
    <subfield code="c">20201115</subfield>
  </datafield>
  <datafield tag="899" ind1=" " ind2=" ">
    <subfield code="a">Biblioteca civica Giovanni Canna. Casale Monferrato</subfield>
    <subfield code="1">AL0114</subfield>
    <subfield code="2">TO0 49</subfield>
  </datafield>
  <datafield tag="899" ind1=" " ind2=" ">
    <subfield code="a">Biblioteca comunale Augusta. Perugia</subfield>
    <subfield code="1">PG0109</subfield>
    <subfield code="2">UM1 01</subfield>
  </datafield>
  <datafield tag="899" ind1=" " ind2=" ">
    <subfield code="a">Biblioteca Casanatense. Roma</subfield>
    <subfield code="z">MUTILO</subfield>
    <subfield code="1">RM0313</subfield>
    <subfield code="2">RML 07</subfield>
  </datafield>
  <datafield tag="921" ind1=" " ind2=" ">
    <subfield code="a">IT\ICCU\CNCM\000031</subfield>
    <subfield code="b">Ancora con delfino e la scritta: Aldus</subfield>
    <subfield code="c">K174</subfield>
    <subfield code="c">V392</subfield>
    <subfield code="c">Z38</subfield>
    <subfield code="d">Dimensioni: 4,8 x 5,4</subfield>
    <subfield code="f">ALDUS</subfield>
    <subfield code="f">ANCORA</subfield>
    <subfield code="f">DELFINO</subfield>
    <subfield code="g">1501-1534</subfield>
  </datafield>
</record>
</collection>
